<?xml version="1.0" encoding="UTF-8"?><collection><record><leader>07197ntm a2200625 a 4500</leader><controlfield tag="001">006822790</controlfield><controlfield tag="003">MiAaHDL</controlfield><controlfield tag="005">20190719000000.0</controlfield><controlfield tag="006">m        d        </controlfield><controlfield tag="007">cr bn ---auaua</controlfield><controlfield tag="008">090624s1801    xx            00| ||ota d</controlfield><datafield tag="035" ind1=" " ind2=" "><subfield code="a">(MiU)006822790</subfield></datafield><datafield tag="035" ind1=" " ind2=" "><subfield code="a">sdr-miu006822790</subfield></datafield><datafield tag="040" ind1=" " ind2=" "><subfield code="a">MiU</subfield><subfield code="c">MiU</subfield><subfield code="e">amremm</subfield></datafield><datafield tag="041" ind1="0" ind2=" "><subfield code="a">ota</subfield></datafield><datafield tag="043" ind1=" " ind2=" "><subfield code="a">n-us-mi</subfield></datafield><datafield tag="100" ind1="0" ind2=" "><subfield code="6">880-01</subfield><subfield code="a">Ahmet Asım,</subfield><subfield code="d">1755-1819 or 1820.</subfield></datafield><datafield tag="245" ind1="1" ind2="0"><subfield code="6">880-03</subfield><subfield code="a">Merahü'l-maali fî şerhi'l-Emali,</subfield><subfield code="f">[1216, i.e. 1801].</subfield></datafield><datafield tag="246" ind1="3" ind2=" "><subfield code="a">Maraḥ al-maʻālī fī sharḥ al-Amālī</subfield></datafield><datafield tag="246" ind1="3" ind2=" "><subfield code="a">Merh ül-maali fî şerh il-Emali</subfield></datafield><datafield tag="246" ind1="3" ind2=" "><subfield code="a">Merahü'l-meâlî fî şerhi'l-Emâlî</subfield></datafield><datafield tag="260" ind1=" " ind2=" "><subfield code="c">[1801].</subfield></datafield><datafield tag="300" ind1=" " ind2=" "><subfield code="a">101 leaves :</subfield><subfield code="b">paper ;</subfield><subfield code="c">240 x 147 (167 x 72) mm.</subfield></datafield><datafield tag="500" ind1=" " ind2=" "><subfield code="a">Shelfmark: Ann Arbor, University of Michigan, Special Collections Library, Isl. Ms. 424</subfield></datafield><datafield tag="500" ind1=" " ind2=" "><subfield code="a">Origin: As appears in colophon on p.197, transcription completed by the author in Muḥarram 1216 [May-June 1801]. A note on the 'title page' (p.1), "مترجم مرحوم خطيله", also indicates that the manuscript is in the hand of the author.</subfield></datafield><datafield tag="500" ind1=" " ind2=" "><subfield code="a">Former shelfmark: "329 T. De M. [i.e. Tammaro De Marinis]" inscribed in pencil on verso of front flyleaf.</subfield></datafield><datafield tag="500" ind1=" " ind2=" "><subfield code="a">Binding: Pasteboards covered in dark brown leather ; Type II binding (with flap), likely two-piece binding (seam of overlapping flanges visible at spine) ; board linings and flyleaves in orange-tinted, silver-flecked European laid paper ; upper and lower covers carry exquisite stamped mandorla (gold-painted recessed onlays, vegetal composition, compare Déroche class. NSd 7) and pendants, as well as gold-tooled accents and guilloché roll border ; design continues on envelope flap ; sewn in pink thread, two stations ; worked chevron endbands in pink and yellow, fairly good condition with tailband and primaries detaching from textblock but still well-attached to spine lining ; overall in good condition with only minor abrasion, some lifting of spine leather, spine lining detached from most of text block, etc.</subfield></datafield><datafield tag="500" ind1=" " ind2=" "><subfield code="a">Support: non-European laid paper with 8-9 laid lines per cm. (vertical, fairly indistinct, curved), no chain lines visible, cloudy formation with fibers and inclusions visible, quite sturdy, transluscent and crisp, highly sized and burnished, beige to light brown in color ; board linings and flyleaves in European laid paper with large scrollwork watermark (difficult to make out).</subfield></datafield><datafield tag="500" ind1=" " ind2=" "><subfield code="a">Decoration: Elegant illuminated headpiece (ʻunwān / sarlawḥ) at opening of the preface on p.2, consisting of scalloped w-shaped piece with gold cartouche (carrying the title "مرح المعالى فى شرح الامالى" in white) surrounded by swirling floral vegetal decoration in gold with red, blue, and light blue accents on a gold ground, entire piece set in an elaborate well of pink, black and light blue bands flanking a heavy band of gold interlace with red and turquoise accents and surmounted by vertical stalks (tīgh) in blue and red ; second superb illuminated headpiece at opening of the main text ( beginning with introduction, مقدمۀ كتاب) on p.8 ; written area of incipit and facing page surrounded by heavy gold frame with divisions within defined by narrow gold bands ; elsewhere written area (and divisions within) surrounded by light blue (evoking silver) band defined by inner and outer red rules ; keywords and text being commented upon rubricated ; overlining in red ; textual dividers in the form of red inverted commas.</subfield></datafield><datafield tag="500" ind1=" " ind2=" "><subfield code="a">Script: Nastaʻlīq (talik) ; compact hand in a heavy line ; serifless, with effect of words inclining to the right and descending to baseline, closed counters, elongated horizontal strokes, pointing in strokes rather than distinct dots ; text being commented upon fully vocalized.</subfield></datafield><datafield tag="500" ind1=" " ind2=" "><subfield code="a">Layout: Written in 21 lines per page ; frame-ruled.</subfield></datafield><datafield tag="500" ind1=" " ind2=" "><subfield code="a">Collation: i, V+1 (11), 9 V(101), i ; exclusively quinions ; catchwords present ; pagination in pencil, Western numerals, supplied during digitization (skips two pages each between pp.9-10 and 183-184).</subfield></datafield><datafield tag="500" ind1=" " ind2=" "><subfield code="a">Dedication: As appears in opening matter (preface, see p.5) dedicated to Sultan Selim III (r.1709-1807).</subfield></datafield><datafield tag="500" ind1=" " ind2=" "><subfield code="a">Colophon: "Scribal," triangular reads "نجز بقلم شارحه الحقير فى م سنه ١٢١٦"</subfield></datafield><datafield tag="500" ind1=" " ind2=" "><subfield code="a">Explicit: "مفهوم بيت بو در كه بر كمسنه بنم ايچون بر كون كه مراد بر وقتدر دعاى خير ايدرسه مدت عمرمده زمايت قدرتمى آنك خير دعاسنده افراغ ايدرم فنرجو من الله العميم المراحم البسيط المكارم ان يعفو عنا وعن الناظم ويرحمنا ويرحمه ويرحم آبائنا وامهاتنا ومشايخنا واحبائنا وجميع المؤمنين بحرمة رسوله الامين ولله الحمد اولا واخرا"</subfield></datafield><datafield tag="500" ind1=" " ind2=" "><subfield code="a">Incipit: "سبحان من توحد فى ذاته القديم سبحان من تفرد فى وصفته القويم ... اما بعد صورت مقدمۀ اتيه ده بيان اولنديغى اوزره جملۀ علوم شريفه وجلمۀ فنون منيفه دن علم كلام ايله معلم اولان ... بو عبد مكزين يعنى در مائده اواصر قواصم السيد احمد عاصم جعله الله من عصبة المعاصم ... شرح وامل سنه وضع قلم ابتدا اولنوب اسلوب مطلوب ومنهج مرغوب اوزره توفيق رب منعامله قرين حسن ختام ومرح المعالى فى شرح الامالى ايله بنام ..."</subfield></datafield><datafield tag="500" ind1=" " ind2=" "><subfield code="a">Title from illuminated headpiece at opening on p.2 and in opening matter on p.4.</subfield></datafield><datafield tag="500" ind1=" " ind2=" "><subfield code="a">Ms. codex.</subfield></datafield><datafield tag="510" ind1="4" ind2=" "><subfield code="a">Sicill-i Osmanî,</subfield><subfield code="c">iii, 283</subfield></datafield><datafield tag="520" ind1="8" ind2=" "><subfield code="a">Elegant, apparently autograph copy of the commentary by the celebrated Ottoman offical historiographer (vak’anüvîs / vakanüvîs) Ahmet Asım Efendi, also known as Mütercim Asım (d.1820) on al-Ūshī's (fl. 12 cent.) renowned theological poem in lām, Badʼ al-amālī or Qaṣīdat yaqūlu al-ʻabd fī badʻ al-amālī.</subfield></datafield><datafield tag="538" ind1=" " ind2=" "><subfield code="a">Mode of access: Internet.</subfield></datafield><datafield tag="541" ind1=" " ind2=" "><subfield code="c">Purchase ;</subfield><subfield code="a">Acquired by purchase (funds donated by Horace Rackham).</subfield><subfield code="d">1924.</subfield></datafield><datafield tag="546" ind1=" " ind2=" "><subfield code="a">Ottoman Turkish.</subfield></datafield><datafield tag="561" ind1=" " ind2=" "><subfield code="a">Glosses and marginal corrections in same hand.</subfield></datafield><datafield tag="600" ind1="1" ind2="0"><subfield code="a">Ūshī, ʻAlī ibn ʻUthmān,</subfield><subfield code="d">12th cent.</subfield><subfield code="t">Badʼ al-amālī.</subfield></datafield><datafield tag="650" ind1=" " ind2="0"><subfield code="a">Manuscripts, Turkish</subfield><subfield code="z">Michigan</subfield><subfield code="z">Ann Arbor.</subfield></datafield><datafield tag="650" ind1=" " ind2="0"><subfield code="a">Hanafites</subfield><subfield code="v">Early works to 1800.</subfield></datafield><datafield tag="650" ind1=" " ind2="0"><subfield code="a">Islam</subfield><subfield code="x">Doctrines</subfield><subfield code="v">Early works to 1800.</subfield></datafield><datafield tag="655" ind1=" " ind2="7"><subfield code="a">Headpiece (layout features)</subfield><subfield code="y">19th century.</subfield><subfield code="2">aat</subfield></datafield><datafield tag="700" ind1="0" ind2=" "><subfield code="a">Abdülhamid</subfield><subfield code="b">II,</subfield><subfield code="c">Sultan of the Turks,</subfield><subfield code="d">1842-1918,</subfield><subfield code="e">former owner.</subfield></datafield><datafield tag="700" ind1="0" ind2=" "><subfield code="6">880-07</subfield><subfield code="a">Ahmet Asım,</subfield><subfield code="d">1755-1819 or 1820.</subfield><subfield code="e">scribe.</subfield></datafield><datafield tag="773" ind1="0" ind2=" "><subfield code="a">Abdul Hamid Collection.</subfield></datafield><datafield tag="880" ind1="0" ind2=" "><subfield code="6">700-07/</subfield><subfield code="a">احمد عاصم,</subfield><subfield code="e">ناسخ.</subfield></datafield><datafield tag="880" ind1="1" ind2="0"><subfield code="6">245-03/</subfield><subfield code="a">مرح المعالي في شرح الامالي,</subfield><subfield code="f">[1216ه, 1801م]</subfield></datafield><datafield tag="880" ind1="0" ind2=" "><subfield code="6">100-01/</subfield><subfield code="a">احمد عاصم.</subfield></datafield><datafield tag="CID" ind1=" " ind2=" "><subfield code="a">006822790</subfield></datafield><datafield tag="DAT" ind1="0" ind2=" "><subfield code="a">20190719102640.0</subfield><subfield code="b">20190719000000.0</subfield></datafield><datafield tag="DAT" ind1="1" ind2=" "><subfield code="a">20190719090653.0</subfield><subfield code="b">2019-07-19T16:12:13Z</subfield></datafield><datafield tag="DAT" ind1="2" ind2=" "><subfield code="a">2015-10-02T18:00:03Z</subfield></datafield><datafield tag="CAT" ind1=" " ind2=" "><subfield code="a">SDR-MIU</subfield><subfield code="d">EX LIBRIS - ALEPH</subfield><subfield code="l">prepare.pl-004-008</subfield></datafield><datafield tag="FMT" ind1=" " ind2=" "><subfield code="a">BK</subfield></datafield><datafield tag="HOL" ind1=" " ind2=" "><subfield code="0">sdr-miu006822790</subfield><subfield code="a">MiU</subfield><subfield code="b">SDR</subfield><subfield code="c">MIU</subfield><subfield code="p">mdp.39015079130905</subfield><subfield code="s">MIU</subfield><subfield code="1">006822790</subfield></datafield><datafield tag="974" ind1=" " ind2=" "><subfield code="b">MIU</subfield><subfield code="c">MIU</subfield><subfield code="d">20190719</subfield><subfield code="s">lit-dlps-dc</subfield><subfield code="u">mdp.39015079130905</subfield><subfield code="y">1801</subfield><subfield code="r">pd</subfield><subfield code="q">bib</subfield><subfield code="t">non-US bib date1 &lt; 1879</subfield></datafield></record></collection>